@book{DemoQuelle,
  title={DemoBuch},
  author={Lorem, Ipsum},
  booktitle={Das Buch XXX},
  pages={11--34},
  year={2017},
  publisher={Ausgedacht}
}
@book{theisen2011,
  author    = {Theisen, Manfred R.},
  title     = {Wissenschaftliches Arbeiten},
  year      = {2011},
  edition   = {14},
  publisher = {Vahlen},
  address   = {München},
  pages = {40--58},
}
@incollection{maier2004,
  author      = {Maier, Hans},
  title       = {Der Mensch und die Wirtschaft},
  booktitle   = {Ethik und Unternehmenserfolg},
  editor      = {Holland, B. and Zabern, B.},
  year        = {2004},
  pages       = {204-213},
  publisher   = {UTB},
  address     = {München},
}
@article{chodorowreich2022loan,
  author    = {Chodorow-Reich, Gabriel and Falato, Antonio},
  title     = {The Loan Covenant Channel: How Bank Health Transmits to the Real Economy},
  journal   = {The Journal of Finance},
  volume    = {77},
  number    = {1},
  year      = {2022},
  pages     = {85-128},
}
@article{dick2012neugierige,
  author      = {Dick, S.},
  title       = {Neugierige streiten weniger},
  journal     = {Berliner Zeitung},
  volume      = {115},
  pages       = {12-15},
  date        = {2012-05-18},
}
@misc{eu2022access,
  title       = {Access City Award},
  year        = {2022},
  author      = {EU},
  pages       = {12-15},
}
@misc{bgb,
  title       = {BGB},
  year        = {2023},
}
@article{bverfgh1968,
  title       = {Beschluss des Bundesverfassungsgerichtes, 1 BvR 210/68},
  date        = {1970-12-16},
  journaltitle = {Der Betrieb},
  volume      = {24/1971},
  pages       = {460},
}
@online{capital2014,
  author      = {{Das Capital}},
  title       = {Charakterköpfe in der Fondsbranche},
  year        = {2014},
  url         = {http://www.capital.de/investment/charakterkoepfe-in-der-fondsbranche.html},
  urldate     = {2014-08-07},
}
@misc{abcorganigramm,
  author    = {{ABC GmbH}},
  title     = {Organigramm},
  year      = {2023},
  howpublished = {Frankfurt},
  pages       = {12-15},
}
@book{blankmaier,
  author      = {Maier, Hans},
  title       = {Der Mensch und die Wirtschaft},
  year        = {o.J.},
  publisher   = {o.Verl.},
  address     = {o.O.},
}